@article{Meetham1991,
  author       = {G. W. Meetham},
  title        = {High-temperature materials -- a general review},
  journal      = {Journal of Materials Science},
  year         = {1991},
  volume       = {26},
  pages        = {853--860},
}

@article{Tressler1999,
  author       = {R. E. Tressler and S. Alkoy and A. Dogan and R. E. Newnham},
  title        = {Functional composites for sensors, actuators and transducers},
  journal      = {Composites Part A: Applied Science and Manufacturing},
  year         = {1999},
  volume       = {30},
  number       = {4},
  pages        = {477--482},
}

@article{Belmonte2006,
  author       = {M. Belmonte},
  title        = {...},
  journal      = {Advanced engineering materials},
  year         = {2006},
  volume       = {8},
  pages        = {693--703}
}

@book{Fahrenholtz2014,
  author       = {W. G. Fahrenholtz and E. J. Wuchina and W. E. Lee and Y. Zhou},
  title        = {Ultra-high temperature ceramics: materials for extreme environment applications},
  publisher    = {John Wiley \& Sons},
  year         = {2014}
}

@book{BarCohen2014,
  author       = {Y. Bar-Cohen},
  title        = {High temperature materials and mechanisms},
  series       = {Volume 44},
  publisher    = {CRC Press},
  address      = {Boca Raton, FL, USA},
  year         = {2014}
}

@book{Levinshtein2001,
  author       = {M. E. Levinshtein and S. L. Rumyantsev and M. S. Shur},
  title        = {Properties of Advanced Semiconductor Materials: GaN, AlN, InN, BN, SiC, SiGe},
  publisher    = {John Wiley \& Sons},
  year         = {2001}
}

@article{Hironaka2002,
  author       = {K. Hironaka and T. Nozawa and T. Hinoki and N. Igawa and Y. Katoh and L. Snead and A. Kohyama},
  title        = {…},
  journal      = {Journal of nuclear materials},
  year         = {2002},
  volume       = {307},
  pages        = {1093--1097}
}

@article{Snead2007,
  author       = {L. L. Snead and T. Nozawa and Y. Katoh and T.-S. Byun and S. Kondo and D. A. Petti},
  title        = {…},
  journal      = {Journal of nuclear materials},
  year         = {2007},
  volume       = {371},
  pages        = {329--377}
}

@article{Presser2008,
  author       = {V. Presser and K. G. Nickel},
  title        = {…},
  journal      = {Critical reviews in solid state and materials sciences},
  year         = {2008},
  volume       = {33},
  pages        = {1--99}
}

@article{Padture1994,
  author       = {N. P. Padture},
  title        = {…},
  journal      = {Journal of the American Ceramic Society},
  year         = {1994},
  volume       = {77},
  pages        = {519--523}
}

@article{Mulla1994,
  author       = {M. Mulla and V. Krstic},
  title        = {…},
  journal      = {Journal of Materials science},
  year         = {1994},
  volume       = {29},
  pages        = {934--938}
}

@article{Cao1995,
  author       = {J. J. Cao and W. Chan and L. C. De Jonghe and C. J. Gilbert and R. O. Ritchie},
  title        = {…},
  journal      = {Journal of the American Ceramic Society},
  year         = {1995},
  volume       = {79}
}

@article{Naslain1995,
  author       = {R. Naslain},
  title        = {…},
  journal      = {Philosophical Transactions of the Royal Society of London. Series A: Physical and Engineering Sciences},
  year         = {1995},
  volume       = {351},
  pages        = {485--496}
}

@article{Prewo1989,
  author       = {K. M. Prewo},
  title        = {…},
  journal      = {American Ceramic Society Bulletin},
  year         = {1989},
  volume       = {68},
  pages        = {395--400}
}

@article{Besmann1991,
  author       = {T. Besmann and B. Sheldon and R. Lowden and D. Stinton},
  title        = {…},
  journal      = {Science},
  year         = {1991},
  volume       = {253},
  pages        = {1104--1109}
}

@article{Wang1996,
  author       = {M. Wang and C. Laird},
  title        = {…},
  journal      = {Journal of materials science},
  year         = {1996},
  volume       = {31},
  pages        = {2065--2069}
}

@article{Prouhet1994,
  author       = {S. Prouhet and G. Camus and C. Labrugere and A. Guette and E. Martin},
  title        = {…},
  journal      = {Journal of the American Ceramic Society},
  year         = {1994},
  volume       = {77},
  pages        = {649--656}
}

@article{Zhu1999,
  author       = {S. Zhu and M. Mizuno and Y. Kagawa and Y. Mutoh},
  title        = {…},
  journal      = {Composites Science and Technology},
  year         = {1999},
  volume       = {59},
  pages        = {833--851}
}

@article{Liu2023,
  author       = {B. Liu and Y. Zhou},
  title        = {…},
  journal      = {Composite Structures},
  year         = {2023},
  volume       = {307},
  pages        = {116610}
}

@article{Xu1999,
  author       = {Y. Xu and L. Cheng and L. Zhang},
  title        = {…},
  journal      = {Carbon},
  year         = {1999},
  volume       = {37},
  pages        = {1179--1187}
}

@incollection{DiCarlo2005,
  author       = {J. DiCarlo and H. M. Yun and G. Morscher and R. Bhatt},
  title        = {…},
  publisher    = {Springer, Boston, MA},
  booktitle    = {Handbook of ceramic composites},
  year         = {2005},
  pages        = {77--98}
}

@article{Sirieix1990,
  author       = {F. Sirieix and P. Goursat and A. Lecomte and A. Dauger},
  title        = {…},
  journal      = {Composites science and technology},
  year         = {1990},
  volume       = {37},
  pages        = {7--19}
}

@article{Kohyama2000,
  author       = {A. Kohyama and M. Kotani and Y. Katoh and T. Nakayasu and M. Sato and T. Yamamura and K. Okamura},
  title        = {…},
  journal      = {Journal of Nuclear Materials},
  year         = {2000},
  volume       = {283},
  pages        = {565--569}
}

@article{Sayano1999,
  author       = {A. Sayano and C. Sutoh and S. Suyama and Y. Itoh and S. Nakagawa},
  title        = {…},
  journal      = {Journal of nuclear materials},
  year         = {1999},
  volume       = {271},
  pages        = {467--471}
}

@incollection{Lamon2005,
  author       = {J. Lamon},
  title        = {…},
  booktitle    = {Handbook of ceramic composites},
  publisher    = {Springer},
  year         = {2005},
  pages        = {55--76}
}

@article{Deck2013,
  author       = {C. P. Deck and H. Khalifa and B. Sammuli and C. Back},
  title        = {…},
  journal      = {Science and Technology of Nuclear Installations},
  year         = {2013},
  pages        = {127676}
}

@article{Katoh2014,
  author       = {Y. Katoh and K. Ozawa and C. Shih and T. Nozawa and R. J. Shinavski and A. Hasegawa and L. L. Snead},
  title        = {…},
  journal      = {Journal of Nuclear Materials},
  year         = {2014},
  volume       = {448},
  pages        = {448--476}
}

@article{Liu2021,
  author       = {R. Liu and F. Wang and J. Zhang and J. Chen and F. Wan and Y. Wang},
  title        = {…},
  journal      = {Ceramics International},
  year         = {2021},
  volume       = {47},
  pages        = {26971--26977}
}

@article{Probst1999,
  author       = {K. J. Probst and T. M. Besmann and D. P. Stinton and R. A. Lowden and T. J. Anderson and T. L. Starr},
  title        = {…},
  journal      = {Surface and Coatings Technology},
  year         = {1999},
  volume       = {120},
  pages        = {250--258}
}

@article{Stinton1986,
  author       = {D. P. Stinton and A. J. Caputo and R. A. Lowden},
  title        = {…},
  journal      = {American Ceramic Society Bulletin},
  year         = {1986},
  volume       = {65},
  pages        = {347--350}
}

@article{Naslain2001,
  author       = {R. R. Naslain and R. Pailler and X. Bourrat and S. Bertrand and F. Heurtevent and P. Dupel and F. Lamouroux},
  title        = {…},
  journal      = {Solid State Ionics},
  year         = {2001},
  volume       = {141},
  pages        = {541--548}
}

@article{Oh2001,
  author       = {B. J. Oh and Y. J. Lee and D. J. Choi and G. W. Hong and J. Y. Park and W. J. Kim},
  title        = {…},
  journal      = {Journal of the American Ceramic Society},
  year         = {2001},
  volume       = {84},
  pages        = {245--247}
}

@article{Noda1992,
  author       = {T. Noda and H. Araki and F. Abe and M. Okada},
  title        = {…},
  journal      = {Journal of nuclear materials},
  year         = {1992},
  volume       = {191},
  pages        = {539--543}
}

@inbook{Naslain2006,
  author = {Naslain, Roger and Langlais, Francis and Vignoles, Gerard and Pailler, Rene},
  publisher = {John Wiley \& Sons, Ltd},
  title = {The CVI-Process : State of the Art and Perspective},
  booktitle = {Mechanical Properties and Performance of Engineering Ceramics II: Ceramic Engineering and Science Proceedings},
  chapter = {37},
  pages = {373--386},
  year = {2006}
}

@inbook{Lazzeri2012,
  author = {Lazzeri, Andrea},
  publisher = {John Wiley \& Sons, Ltd},
  title = {CVI Processing of Ceramic Matrix Composites},
  booktitle = {Ceramics and Composites Processing Methods},
  chapter = {9},
  pages = {313--349},
  year = {2012}
}

@article{Streitwieser2006,
  author       = {D. A. Streitwieser and N. Popovska and H. Gerhard},
  title        = {…},
  journal      = {Journal of the European Ceramic Society},
  year         = {2006},
  volume       = {26},
  pages        = {2381--2387}
}

@article{Ramadan2018,
  author       = {Z. Ramadan and I.-T. Im},
  title        = {…},
  journal      = {Carbon letters},
  year         = {2018},
  volume       = {25},
  pages        = {25--32}
}

@article{Cha2022,
  author       = {C. M. Cha and D. Liliedahl and R. Sankaran and V. Ramanuj},
  title        = {…},
  journal      = {Journal of the American Ceramic Society},
  year         = {2022},
  volume       = {105},
  pages        = {4595--4607}
}

@article{Ramanuj2022,
  author       = {V. Ramanuj and R. Sankaran and B. Jolly and A. Schumacher and D. Mitchell},
  title        = {…},
  journal      = {Journal of the American Ceramic Society},
  year         = {2022},
  volume       = {105},
  pages        = {2421--2441}
}

@article{Deck2012,
  author       = {C. Deck and H. Khalifa and B. Sammuli and T. Hilsabeck and C. Back},
  title        = {…},
  journal      = {Progress in Nuclear Energy},
  year         = {2012},
  volume       = {57},
  pages        = {38--45}
}

@article{Dang2022,
  author       = {K. Dang and H. K. Chelliah},
  title        = {…},
  journal      = {International Journal of Chemical Kinetics},
  year         = {2022},
  volume       = {54},
  pages        = {188--202}
}

@article{Mollick2017,
  author       = {P. Mollick and R. Venugopalan and D. Srivastava},
  title        = {…},
  journal      = {Journal of Crystal Growth},
  year         = {2017},
  volume       = {475},
  pages        = {97--109}
}

@article{Ogawa2023,
  author       = {T. Ogawa and K. Fukumoto and H. Machida and K. Norinaga},
  title        = {…},
  journal      = {Heliyon},
  year         = {2023},
  volume       = {9}
}

@article{Papasouliotis1994,
  author       = {G. D. Papasouliotis and S. V. Sotirchos},
  title        = {…},
  journal      = {Journal of the Electrochemical Society},
  year         = {1994},
  volume       = {141},
  pages        = {1599}
}

@article{Roman1995,
  author       = {Y. Roman and J. Kotte and M. De Croon},
  title        = {…},
  journal      = {Journal of the European Ceramic Society},
  year         = {1995},
  volume       = {15},
  pages        = {875--886}
}

@article{Bammidipati1996,
  author = {S. Bammidipati and G. D. Stewart and J. R. Elliott Jr and S. A. Gokoglu and M. J. Purdy},
  title = {...},
  journal = {AIChE Journal},
  volume = {42},
  year = {1996},
  pages = {3123--3132}
}

@article{Norinaga2008,
  author = {Norinaga, Koyo and Janardhanan, Vinod M. and Deutschmann, Olaf},
  title = {Detailed chemical kinetic modeling of pyrolysis of ethylene, acetylene, and propylene at 1073–1373 K with a plug-flow reactor model},
  journal = {International Journal of Chemical Kinetics},
  volume = {40},
  number = {4},
  pages = {199--208},
  year = {2008}
}

@article{Ge2007A,
    author = {Y. Ge and M. S. Gordon and F. Battaglia and R. O. Fox},
    journal = {The Journal of Physical Chemistry A},
    title = {Theoretical study of the pyrolysis of methyltrichlorosilane in the gas phase. 1. Thermodynamics},
    volume = {111},
    year = {2007},
    pages = {1462--1474}
}

@article{Ge2007B,
    author = {Y. Ge and M. S. Gordon and F. Battaglia and R. O. Fox},
    journal = {The Journal of Physical Chemistry A},
    title = {Theoretical study of the pyrolysis of methyltrichlorosilane in the gas phase. 2. Reaction paths and transition states},
    volume = {111},
    year = {2007},
    pages = {1475--1486}
}

@article{Ge2010,
    author = {Y. Ge and M. S. Gordon and F. Battaglia and R. O. Fox},
    journal = {The Journal of Physical Chemistry A},
    title = {Theoretical Study of the Pyrolysis of Methyltrichlorosilane in the Gas Phase. 3. Reaction Rate Constant Calculations},
    volume = {114},
    year = {2010},
    pages = {2384--2392}
}

@article{Mousavipour2004,
  author       = {S. H. Mousavipour and V. Saheb and S. Ramezani},
  title        = {…},
  journal      = {The Journal of Physical Chemistry A},
  year         = {2004},
  volume       = {108},
  pages        = {1946--1951}
}

@article{Peng2021,
  author       = {J. Peng and B. Jolly and D. J. Mitchell and J. A. Haynes and D. Shin},
  title        = {…},
  journal      = {Journal of the American Ceramic Society},
  year         = {2021},
  volume       = {104},
  pages        = {3726--3737}
}

@misc{Goodwin2014,
  author       = {D. G. Goodwin and H. K. Moffat and R. L. Speth},
  title        = {Cantera: An object-oriented software toolkit for chemical kinetics, thermodynamics, and transport processes},
  howpublished = {\url{http://www.cantera.org}},
  year         = {2014},
  note         = {Version 2.1.2}
}

@article{Wang2008,
  author       = {R. Wang and R. Ma},
  title        = {…},
  journal      = {Journal of crystal growth},
  year         = {2008},
  volume       = {310},
  pages        = {4248--4255}
}

@article{Guan2020,
  author       = {K. Guan and Y. Gao and Q. Zeng and X. Luan and Y. Zhang and L. Cheng and J. Wu and Z. Lu},
  title        = {…},
  journal      = {Chinese Journal of Chemical Engineering},
  year         = {2020},
  volume       = {28},
  pages        = {1733--1743}
}

@article{Brennan1990,
  author       = {J. J. Brennan},
  title        = {…},
  journal      = {Materials Science and Engineering: A},
  year         = {1990},
  volume       = {126},
  pages        = {203--223}
}

@book{Golecki2003,
  author       = {I. Golecki},
  title        = {Fibers and Composites},
  year         = {2003},
  publisher    = {}
}

@article{Aarnaes2020,
  author       = {T. S. Aarnæs and E. Ringdalen and M. Tangstad},
  title        = {…},
  journal      = {Scientific reports},
  year         = {2020},
  volume       = {10},
  pages        = {21831}
}

@article{Ksiazek2014,
  author       = {M. Ksiazek and M. Tangstad and H. Dalaker and E. Ringdalen},
  title        = {…},
  journal      = {Metallurgical and materials transactions E},
  year         = {2014},
  volume       = {1},
  pages        = {272--279}
}

@article{Aarnaes2022,
  author       = {T. S. Aarnæs and M. Tangstad and E. Ringdalen},
  title        = {…},
  journal      = {Materials Chemistry and Physics},
  year         = {2022},
  volume       = {276},
  pages        = {125355}
}

@article{Hu2019,
  author       = {Z. Hu and D. Zheng and R. Tu and M. Yang and Q. Li and M. Han and S. Zhang and L. Zhang and T. Goto},
  title        = {…},
  journal      = {Materials},
  year         = {2019},
  volume       = {12},
  pages        = {390}
}

@article{Yang2009,
  author       = {Y. Yang and W.-g. Zhang},
  title        = {…},
  journal      = {Journal of Central South University of Technology},
  year         = {2009},
  volume       = {16},
  pages        = {730--737}
}
