@inproceedings{Kamat2011c,
    title = {{Enabling an electrical revolution using smart apparent energy meters {\&} tariffs}},
    year = {2011},
    booktitle = {Proceedings - 2011 Annual IEEE India Conference: Engineering Sustainable Solutions, INDICON-2011},
    author = {Kamat, Vithal N.},
    keywords = {Apparent energy tariff, apparent power, line loss, real time energy audit, smart metering, war of currents}
}

@phdthesis{Penin2008d,
    title = {{Combate , Preven{\c{c}}{\~{a}}o e Otimiza{\c{c}}{\~{a}}o das Perdas Comerciais de Energia El{\'{e}}trica Combate , Preven{\c{c}}{\~{a}}o e Otimiza{\c{c}}{\~{a}}o das Perdas Comerciais de Energia El{\'{e}}trica}},
    year = {2008},
    author = {Penin, Carlos Alexandre De Souza},
    pages = {227},
    school = {Universidade de S{\~{a}}o Paulo}
}

@article{Smith2004,
    title = {{Electricity theft: A comparative analysis}},
    year = {2004},
    journal = {Energy Policy},
    author = {Smith, Thomas B.},
    number = {18},
    pages = {2067--2076},
    volume = {32},
    keywords = {Corruption, Electricity theft, Governance}
}

@inproceedings{Cardenas2012,
    title = {{A game theory model for electricity theft detection and privacy-aware control in AMI systems}},
    year = {2012},
    booktitle = {2012 50th Annual Allerton Conference on Communication, Control, and Computing, Allerton 2012},
    author = {Cardenas, Alvaro A. and Amin, Saurabh and Schwartz, Galina and Dong, Roy and Sastry, Shankar},
    pages = {1830--1837}
}

@article{Amin2015,
    title = {{Game-Theoretic Models of Electricity Theft Detection in Smart Utility Networks: Providing New Capabilities with Advanced Metering Infrastructure}},
    year = {2015},
    journal = {IEEE Control Systems},
    author = {Amin, Saurabh and Schwartz, Galina A. and Cardenas, Alvaro A. and Sastry, S. Shankar},
    number = {1},
    month = {2},
    pages = {66--81},
    volume = {35},
    url = {http://ieeexplore.ieee.org/lpdocs/epic03/wrapper.htm?arnumber=7011178},
    doi = {10.1109/MCS.2014.2364711},
    issn = {1066-033X}
}

@inproceedings{Areas2005SistemaAnti-Fraude,
    title = {{Sistema Inteligente de Medi{\c{c}}{\~{a}}o e Distribui{\c{c}}{\~{a}}o Anti-Fraude}},
    year = {2005},
    booktitle = {III CITENEL},
    author = {Areas, R and Vidal, E D and Ight, L and Jr, C Gonçalves and Costa, C and Senergy, B L A Alberto and Atayde, L C}
}

@inproceedings{Sippel2012ContencaoAgua,
    title = {{Conten{\c{c}}{\~{a}}o de Perdas em sistemas de distribui{\c{c}}{\~{a}}o de {\'{a}}gua}},
    year = {2012},
    booktitle = {Sendi},
    author = {Sippel, Cristian and Stradioto, Diogo Angelo},
    pages = {10},
    address = {Rio de Janeiro},
    keywords = {Efici{\^{e}}ncia Energ{\'{e}}tica Geofones, Macro-medi{\c{c}}{\~{a}}o Micro-medi{\c{c}}{\~{a}}o Perdas, Vazamentos}
}

@inproceedings{Pereira2008LACREELETRONICO,
    title = {{LACRE ELETR{\^{O}}NICO}},
    year = {2008},
    booktitle = {Sendi},
    author = {Pereira, João Adalberto and Purim, Carlos Ademar and Wolaniuk, Giordano Bruno and Moeler, Bruno Romão and Patrizzi, Marcello Abreu and Silva, David Targueta da and Neto, Acacio Barreto},
    pages = {7},
    address = {Olinda},
    keywords = {Furto de Energia, Lacre Eletr{\^{o}}nico, Medidor de Energia, Qualidade de Energia, RFID}
}

@inproceedings{Cavalcante2008RapidezInteligencia.,
    title = {{Rapidez na detec{\c{c}}{\~{a}}o de anomalias no sistema de medi{\c{c}}{\~{a}}o de grandes clientes, com base na tecnologia da medi{\c{c}}{\~{a}}o eletr{\^{o}}nica, telemetria e sistemas de informa{\c{c}}{\~{a}}o e intelig{\^{e}}ncia.}},
    year = {2008},
    booktitle = {Sendi},
    author = {Cavalcante, Paulo Henrique(Coelce)},
    address = {Olinda},
    keywords = {Consumo projetado., Mem{\'{o}}ria de massa, Perdas de energia, Tens{\~{a}}o e corrente, Verifica{\c{c}}{\~{a}}o di{\'{a}}ria}
}

@inproceedings{Figueiredo2010RecuperacaoSalvador,
    title = {{Recupera{\c{c}}{\~{a}}o de Perdas e Regulariza{\c{c}}{\~{a}}o de Liga{\c{c}}ões Clandestinas em Comunidades de Baixa Renda na Regi{\~{a}}o Metropolitana de Salvador}},
    year = {2010},
    booktitle = {Sendi},
    author = {Figueiredo, Dan Marambaia S. and Alves, Josildo Silva and Silva, Daniel Souza and Deus, Carlos Souza},
    address = {S{\~{a}}o Paulo},
    keywords = {Comunidades de Baixa Renda, Liga{\c{c}}ões Clandestinas, Perdas N{\~{a}}o-T{\'{e}}cnicas, Recupera{\c{c}}{\~{a}}o de Perdas}
}

@inproceedings{Silva2008EstudoSalvador,
    title = {{Estudo das Perdas N{\~{a}}o-T{\'{e}}cnicas de Energia El{\'{e}}trica de um Circuito Secund{\'{a}}rio em um Bairro de Baixa Renda da Regi{\~{a}}o Metropolitana de Salvador}},
    year = {2008},
    booktitle = {Sendi},
    author = {Silva, José Jorge Portela da and Alves, Josildo Silva},
    pages = {6},
    address = {Olinda},
    keywords = {Medi{\c{c}}{\~{a}}o Fiscal Medidor Eletr{\^{o}}nico Monitora{\c{c}}{\~{a}}o das}
}

@inproceedings{GUIMARAES2012ReducaoReativa,
    title = {{Redu{\c{c}}{\~{a}}o de Perdas T{\'{e}}cnicas em redes de 34,5 kV com a aplica{\c{c}}{\~{a}}o de reatores para compensa{\c{c}}{\~{a}}o reativa}},
    year = {2012},
    booktitle = {Sendi},
    author = {GUIMAR{\~{A}}ES, RENATO OLIVEIRA and COURA, ANTONIO DE PADUA RIBEIRO and FILHO, RAUL JOSE SOUZA and BARROS, ROMULO LIMA DE and CORRADI, FERNANDO ESPINDULA},
    address = {Rio de Janeiro},
    keywords = {ENERSUL, Reatores, Redes de 34kV}
}

@inproceedings{Silva2010EstudoSalvador,
    title = {{Estudo das Perdas N{\~{a}}o-T{\'{e}}cnicas de Energia El{\'{e}}trica de um Circuito Secund{\'{a}}rio em um Bairro de Baixa Renda da Regi{\~{a}}o Metropolitana de Salvador}},
    year = {2010},
    booktitle = {Sendi},
    author = {Silva, José Jorge Portela da and Alves, Josildo Silva},
    pages = {6},
    address = {S{\~{a}}o Paulo},
    keywords = {Medidor Eletr{\^{o}}nico, Medi{\c{c}}{\~{a}}o Fiscal, Monitora{\c{c}}{\~{a}}o das Perdas, Perdas N{\~{a}}o-T{\'{e}}cnicas}
}

@inproceedings{Zimmer2006SOMERicardo,
    title = {{SOME - VIP Solu{\c{c}}{\~{a}}o de Medi{\c{c}}{\~{a}}o de Energia em Vias P{\'{u}}blicas para Blindagem da Receita Ricardo}},
    year = {2006},
    booktitle = {Sendi},
    author = {Zimmer, Ricardo and Sousa, Ronaldo Ferreira de},
    pages = {10},
    address = {Belo Horizonte},
    keywords = {Medi{\c{c}}{\~{a}}o Exteriorizada, Medi{\c{c}}{\~{a}}o de Energia, Perdas Comerciais, Perdas T{\'{e}}cnicas, Tele-medi{\c{c}}{\~{a}}o.}
}

@inproceedings{COELHO2000PADRAOCOPEL,
    title = {{PADR{\~{A}}O ANTIFURTO COPEL}},
    year = {2000},
    booktitle = {Sendi},
    author = {COELHO, HILDAMARA BRONDANI and C{\'{E}}SAR, EDSON BENEDITO},
    pages = {7},
    address = {Foz do Igua{\c{c}}u},
    keywords = {cabo antifurto, furto, padr{\~{a}}o, seguran{\c{c}}a}
}

@inproceedings{Moraes2008AtuaisB,
    title = {{Atuais fraudes em selos e medidores do grupo B}},
    year = {2008},
    booktitle = {Sendi},
    author = {Moraes, Aldir; and Passos, Djalma; and Rodrigues, Adolpho;},
    pages = {14}
}

@inproceedings{NETTO2005REDECOMERCIAIS,
    title = {{REDE AMPLA: UMA REVOLU{\c{C}}{\~{A}}O NO COMBATE {\`{A}}S PERDAS COMERCIAIS}},
    year = {2005},
    booktitle = {Ciertec},
    author = {NETTO, LUIS EDUARDO SANTOS COELHO and RIVERA, TOMAS IVAN CASANEGRA},
    pages = {7},
    address = {Macei{\'{o}}},
    keywords = {Rede Ampla Perdas comerciais Furto de energia {\'{I}}ndi}
}

@inproceedings{Henriques2009MapeamentoFuzzy,
    title = {{Mapeamento de Perdas Comerciais com Utiliza{\c{c}}{\~{a}}o de Redes Neurais e L{\'{o}}gica Fuzzy}},
    year = {2009},
    booktitle = {Citenel},
    author = {Henriques, Henrique O. and Vaz, Marcos R. and Almeida, Heraldo L. S. and Magalh{\~{a}}es, Otávio and Silva, Elisabeth C. and Freire, Humberto R. and Araujo, Luiz D. and Marques, Rafael O. and Resumo, Claudio Barki},
    pages = {10},
    address = {Bel{\'{e}}m},
    keywords = {Balan{\c{c}}o Energ{\'{e}}tico, Curvas de Carga, Equaliza{\c{c}}{\~{a}}o da Demanda, Influ{\^{e}}ncia da Temperatura, Perdas Comerciais T{\'{e}}cnicas.}
}

@inproceedings{Schwarz2010QualidadeEletropaulo.,
    title = {{Qualidade das inspe{\c{c}}ões de Fraude BT da AES Eletropaulo.}},
    year = {2010},
    booktitle = {Sendi},
    author = {Schwarz, Alfredo de Melo F. and Linares, Paulo and Jorge, Rogerio and Nardo, Roberto Mario Di and Ventura, André and Santos, Adilson and Lara, Jose Carlos Cruz and Picco, Eduardo and Castro, Hilton and Rezende, Vanderlei Costa and Coloni, Adriano and Fagundes, Eduardo Bortotti},
    pages = {6},
    address = {S{\~{a}}o Paulo},
    keywords = {Combate a fraudes e anomalias Melhoria cont{\'{i}}nua Pe}
}

@inproceedings{DANTAS2005REDUCAOTema,
    title = {{REDU{\c{C}}{\~{A}}O DE PERDAS DE ENERGIA EL{\'{E}}TRICA NA COELBA ESTRAT{\'{E}}GIAS E RESULTADOS P{\'{O}}S – PRIVATIZA{\c{C}}{\~{A}}O Tema}},
    year = {2005},
    booktitle = {Ciertec},
    author = {DANTAS, PEDRO ROBERTO PAIVA and ALMEIDA, MARCOS ANTÔNIO SOUZA DE and OLIVEIRA, WILSON COUTO},
    pages = {7},
    address = {Macei{\'{o}}},
    keywords = {Redu{\c{c}}{\~{a}}o de perdas comerciais na Coelba}
}

@inproceedings{Costa200620081218163631-PEE04-1090,
    title = {{20081218163631-PEE04-1090}},
    year = {2006},
    booktitle = {Sendi},
    author = {Costa, Hélio Eduardo de S.},
    pages = {11},
    address = {Belo Horizonte},
    keywords = {Efetividade, Mutirões, Ordens de Inspe{\c{c}}{\~{a}}o – IN’s, Perdas, Recupera{\c{c}}{\~{a}}o.}
}

@inproceedings{Leite2008ATecnicas,
    title = {{A Utiliza{\c{c}}{\~{a}}o de Ferramenta Estat{\'{i}}stica na Gest{\~{a}}o das Perdas N{\~{a}}o T{\'{e}}cnicas}},
    year = {2008},
    booktitle = {Sendi},
    author = {Leite, Cesar Eduardo},
    pages = {12},
    address = {Olinda},
    keywords = {curva de consumo, ferramenta estat{\'{i}}stica, gr{\'{a}}fico de regress{\~{a}}o, perdas n{\~{a}}o t{\'{e}}cnicas}
}

@inproceedings{SouzaDesenvolvimentoComerciais,
    title = {{Desenvolvimento de um Software Inteligente para Detec{\c{c}}{\~{a}}o de Pontos Potenciais de Perdas Comerciais}},
    author = {Souza, André Nunes de and Silva, Paulo Sérgio and Oltremari, Anderson Murilo and Zago, Maria Goretti and Amaral, Fernando Lyra do and Jr., Pedro da Costa and Jr, Benjamim C. Costa and Martins, Luciana de Carvalho and Moreira, Thenyson Dewey},
    keywords = {ferramentas inteligentes, fraudes, perdas comerciais, qualidade, sistema especialista}
}

@inproceedings{Ramos2008SistemaArtificial,
    title = {{Sistema Otimizado de Sele{\c{c}}{\~{a}}o de Instala{\c{c}}ões a Serem Inspecionadas, Utilizando Intelig{\^{e}}ncia Artificial}},
    year = {2008},
    booktitle = {Sendi},
    author = {Ramos, Eduardo Anderson and Rios, Luiz Renato F. and Val, Marco A. Luz do and Castro, Victor Gomes de},
    pages = {10},
    address = {Olinda},
    keywords = {Data Mining Inspe{\c{c}}{\~{a}}o em Instala{\c{c}}ões Consumidoras P, Resumo}
}

@inproceedings{SARMENTO2005USOELETRICA,
    title = {{USO DA MEDI{\c{C}}{\~{A}}O COMPARATIVA DE KWh NO COMBATE A FRAUDES E ROUBO DE ENERGIA EL{\'{E}}TRICA}},
    year = {2005},
    booktitle = {Ciertec},
    author = {SARMENTO, CHRISTIANA LAUAR and ARRUDA, LUIZ FERNANDO},
    address = {Macei{\'{o}}},
    keywords = {COMERCIALIZA{\c{C}}{\~{A}}O DE ENERGIA, DETEC{\c{C}}{\~{A}}O DA FRAUDE, FRAUDE NA MEDI{\c{C}}{\~{A}}O, MEDI{\c{C}}{\~{A}}O FISCAL, PERDAS COMERCIAIS, PROTE{\c{C}}{\~{A}}O DA RECEITA}
}

@inproceedings{Ferreira2010MetodologiaPerdas,
    title = {{Metodologia para Dimensionamento e Aloca{\c{c}}{\~{a}}o de Equipes de Campo aplicada {\`{a}} Projetos de Combate {\`{a}}s Perdas}},
    year = {2010},
    booktitle = {Sendi},
    author = {Ferreira, Hillner de Paiva Almeida and Cavalcanti, Lemarx Farias},
    pages = {8},
    address = {S{\~{a}}o Paulo},
    keywords = {Dimensionamento, Equipes de Campo, Perdas N{\~{a}}o-T{\'{e}}cnicas, Planejamento, Previs{\~{a}}o, {\'{A}}reas Cr{\'{i}}ticas}
}

@inproceedings{Silva2010DesenvolvimentoPublica,
    title = {{Desenvolvimento e implanta{\c{c}}{\~{a}}o de software para identifica{\c{c}}{\~{a}}o das perdas de faturamento em ilumina{\c{c}}{\~{a}}o p{\'{u}}blica}},
    year = {2010},
    booktitle = {Sendi},
    author = {Silva, Daniel S. and Alc{\^{a}}ntara, André L. P. de and Costa, Caiuby A. da and Abreu, Cristina A. and Dantas, Pedro R. P. and Silveira, Mônica and Bastos, Paulo R. F. de M.},
    pages = {12},
    address = {S{\~{a}}o Paulo},
    keywords = {Atualiza{\c{c}}{\~{a}}o cadastral, Ilumina{\c{c}}{\~{a}}o P{\'{u}}blica (IP), Perdas Comerciais}
}

@inproceedings{Silveira2012MudancaFiscalizacao,
    title = {{Mudan{\c{c}}a do patamar de qualidade em pr{\'{e}}-an{\'{a}}lises de ordens de servi{\c{c}}o de fiscaliza{\c{c}}{\~{a}}o}},
    year = {2012},
    booktitle = {Sendi},
    author = {Silveira, Clodoaldo},
    pages = {8},
    address = {Rio de Janeiro},
    keywords = {An{\'{a}}lise, Fiscaliza{\c{c}}{\~{a}}o Irregularidades Perdas, Qualidade Resumo}
}

@inproceedings{Leite2004MonitoramentoCelpe,
    title = {{Monitoramento das Perdas Comerciais por {\'{A}}rea de Transformador – Experi{\^{e}}ncia da Celpe}},
    year = {2004},
    booktitle = {Sendi},
    author = {Leite, J. C. Medeiros},
    pages = {13},
    keywords = {Balan{\c{c}}o de Energia, Combate {\`{a}}s Perdas de Energia El{\'{e}}trica, Gest{\~{a}}o de Rede, Monitoramento das Perdas.}
}

@inproceedings{Pavan2010SoftwarePERTEC,
    title = {{Software Computacional de Perdas T{\'{e}}cnicas de Energia – PERTEC}},
    year = {2010},
    booktitle = {Sendi},
    author = {Pavan, Franco and Holsbach, Ingrid Lourenço and Nakashima, Eduardo Kenji Zen},
    pages = {9},
    address = {S{\~{a}}o Paulo},
    keywords = {Distribui{\c{c}}{\~{a}}o de Energia, Medidor de Energia, PERTEC, Perdas T{\'{e}}cnicas, Subesta{\c{c}}{\~{a}}o}
}

@inproceedings{Bettiol2006DesenvolvimentoRecuperacao,
    title = {{Desenvolvimento e Implementa{\c{c}}{\~{a}}o de Metodologia para a Redu{\c{c}}{\~{a}}o de Perdas El{\'{e}}tricas em Transformadores de Distribui{\c{c}}{\~{a}}o em Recupera{\c{c}}{\~{a}}o}},
    year = {2006},
    booktitle = {Sendi},
    author = {Bettiol, A.L. and Moraes, A. C. de and Millar, R. I. L. and Gon{\c{c}}alves, P. R. R. and N{\'{a}}poli, M.},
    pages = {12},
    address = {Belo Horizonte},
    keywords = {Efici{\^{e}}ncia energ{\'{e}}tica, redu{\c{c}}{\~{a}}o de perdas el{\'{e}}tricas, reforma de transformador, transformadores de distribui{\c{c}}{\~{a}}o.}
}

@inproceedings{Ferreira2008UsoEletrica,
    title = {{Uso de Ferramentas de Aprendizado de M{\'{a}}quina para Prospec{\c{c}}{\~{a}}o de Perdas Comerciais em Distribui{\c{c}}{\~{a}}o de Energia El{\'{e}}trica}},
    year = {2008},
    booktitle = {Sendi},
    author = {Ferreira, Hamilton Melo and Filho, Christiano Lyra and Zuben, Fernando J. Von},
    address = {Olinda},
    keywords = {Aprendizado de M{\'{a}}quina Minera{\c{c}}{\~{a}}o de Dados Perdas C}
}

@inproceedings{Cavalcante2012ControleIrregularidades,
    title = {{Controle de Perdas em Grandes Clientes - Tecnologias, Sistemas, Evolu{\c{c}}{\~{a}}o e Irregularidades}},
    year = {2012},
    booktitle = {Sendi},
    author = {Cavalcante, Paulo Henrique Almeida},
    pages = {12},
    address = {Rio de Janeiro},
    keywords = {Mem{\'{o}}ria de massa, Perdas de energia, Tens{\~{a}}o e Corrente, Verifica{\c{c}}{\~{a}}o di{\'{a}}ria}
}

@inproceedings{SILVA2012AlgoritmoTecnica,
    title = {{Algoritmo de Detec{\c{c}}{\~{a}}o de Consumos Irregulares Usando L{\'{o}}gica Nebulosa para Sele{\c{c}}{\~{a}}o de Unidades Consumidoras com fins de Redu{\c{c}}{\~{a}}o da Perda n{\~{a}}o T{\'{e}}cnica}},
    year = {2012},
    booktitle = {Sendi},
    author = {SILVA, JULIANO ANDRADE and MURARI, CARLOS ALBERTO FAVARIN and DIAZ, SIDNEI and {AIRTON DE SOUZA FLORIDO}},
    pages = {10},
    address = {Rio de Janeiro},
    keywords = {Logica Nebulosa, Mamdami, Perdas N{\~{a}}o-T{\'{e}}cnicas, Redes de distribui{\c{c}}{\~{a}}o}
}

@inproceedings{Silveira2010SistemaSul,
    title = {{Sistema de An{\'{a}}lise de Medi{\c{c}}{\~{a}}o – Sistematiza{\c{c}}{\~{a}}o de uma ferramenta de prote{\c{c}}{\~{a}}o {\`{a}} receita em grandes clientes na AES Sul}},
    year = {2010},
    booktitle = {Sendi},
    author = {Silveira, Clodoaldo and Ribeiro, Marcelo and Girardi, Eduardo},
    pages = {16},
    address = {S{\~{a}}o Paulo},
    keywords = {Diagrama Fasorial, Irregularidades, Mem{\'{o}}ria de Massa, Perdas Comerciais, Transformadores de Instrumenta{\c{c}}{\~{a}}o}
}

@inproceedings{Jr2012ComoGrid,
    title = {{Como envolver os consumidores para cooperarem com as implementa{\c{c}}ões de Smart Grid}},
    year = {2012},
    booktitle = {Sendi},
    author = {Jr, Luiz Carlos Santini},
    address = {Rio de Janeiro},
    keywords = {AMI, AMR, Perdas n{\~{a}}o t{\'{e}}cnicas, Smart Grid, telemedi{\c{c}}{\~{a}}o}
}

@inproceedings{Lima2011SistemaReceita,
    title = {{Sistema de caracteriza{\c{c}}{\~{a}}o de perdas n{\~{a}}o t{\'{e}}cnicas baseado no perfil de consumidores para otimiza{\c{c}}{\~{a}}o de inspe{\c{c}}ões e recupera{\c{c}}{\~{a}}o de receita}},
    year = {2011},
    booktitle = {Citenel},
    author = {Lima, Carlos Alberto Fróes and Gurgel, Renato Aguiar and Ribeiro, João Paulo and Saraiva, Marley Apolinário and Colnago, Glauber Renato and Luz, Bernardo Marega},
    pages = {8},
    address = {Fortaleza},
    keywords = {Inspe{\c{c}}ões, Perdas n{\~{a}}o t{\'{e}}cnicas, Perfil de, Recupera{\c{c}}{\~{a}}o de receitas, Redes Neurais Artificiais, consumo}
}

@inproceedings{Venturini2012OtimizacaoNao-Tecnicas,
    title = {{Otimiza{\c{c}}{\~{a}}o Amostral para Obten{\c{c}}{\~{a}}o da Matriz de Perdas N{\~{a}}o-T{\'{e}}cnicas}},
    year = {2012},
    booktitle = {Sendi},
    author = {Venturini, Gustavo Corteletti and Fabris, Fabio and Varej{\~{a}}o, Flavio Miguel and Loureiros, Alexndre and Ferro, Rodrigo Marin},
    pages = {8},
    address = {Rio de Janeiro},
    keywords = {Amostragem, Matriz de Perdas, Perda n{\~{a}}o-t{\'{e}}cnica}
}

@inproceedings{Leite2002ParceriaPerdas,
    title = {{Parceria entre concession{\'{a}}ria e delegacia de pol{\'{i}}cia- Experi{\^{e}}ncia da Celpe no combate as Perdas}},
    year = {2002},
    booktitle = {Sendi},
    author = {Leite, J. C. Medeiros and Paschoal, Alexandre E. A.},
    pages = {3},
    keywords = {Delegacia, Fraude., Furto, Justi{\c{c}}a, Perdas de energia}
}

@inproceedings{Filho2000OTIMIZACAOTECNICA,
    title = {{OTIMIZA{\c{C}}{\~{A}}O DO MWh RECUPERADO ATRAV{\'{E}}S INSPE{\c{C}}{\~{A}}O T{\'{E}}CNICA}},
    year = {2000},
    booktitle = {Sendi},
    author = {Filho, Fernando Barreto Nunes},
    address = {Foz do Igua{\c{c}}u},
    keywords = {analista de perdas, inspe{\c{c}}ões t{\'{e}}cnicas, perdas comerciais}
}

@inproceedings{Minussi2012UtilizacaoComerciais.,
    title = {{Utiliza{\c{c}}{\~{a}}o de Agentes Comerciais no aux{\'{i}}lio da identifica{\c{c}}{\~{a}}o de poss{\'{i}}veis perdas comerciais.}},
    year = {2012},
    booktitle = {Sendi},
    author = {Minussi, Patricia Viero and Ribeiro, Marcelo and Calvo, Fabio and Vargas, Janaina Leal},
    pages = {8},
    address = {Rio de Janeiro},
    keywords = {Anomalia de Leitura Coletor, Irregularidade Perdas de Energia Primarizar}
}

@inproceedings{Araujo2004OCERJ,
    title = {{O Componente Social das Perdas e Inadimpl{\^{e}}ncia na {\'{a}}rea de concess{\~{a}}o da CERJ}},
    year = {2004},
    booktitle = {Sendi},
    author = {Araujo, Antonio Carlos Marques de and Sampaio, Járnio Luiz and Neto, Danilo Ribera and Almeida, Alberto Carlos},
    keywords = {Componente social, inadimpl{\^{e}}ncia, perdas}
}

@inproceedings{Melo2008ExperienciasComerciais,
    title = {{Experi{\^{e}}ncias da Companhia Energ{\'{e}}tica de Pernambuco no combate {\`{a}}s perdas comerciais}},
    year = {2008},
    booktitle = {Sendi},
    author = {Melo, Mário Jonas F. de and Pessoa, Nívia dos Santos and Cabral, Alessandro Henrique de O.},
    pages = {8},
    address = {S{\~{a}}o Paulo},
    keywords = {Desafio, Determina{\c{c}}{\~{a}}o, Mudan{\c{c}}a, Perdas, Planejamento}
}

@inproceedings{Junior2012OCaso,
    title = {{O uso da tecnologia social em {\'{a}}reas com concentra{\c{c}}{\~{a}}o de perdas comerciais e inadimpl{\^{e}}ncia: Energia em Movimento - um estudo de caso}},
    year = {2012},
    booktitle = {Sendi},
    author = {J{\'{u}}nior, Lael Ézer da Silva and Lima, Gonçalinha},
    address = {Rio de Janeiro},
    keywords = {Inadimpl{\^{e}}ncia, Perdas Comerciais, Tecnologia Social}
}

@inproceedings{Cruz2008AnaliseRecife,
    title = {{An{\'{a}}lise das Causas do Furto de Energia El{\'{e}}trica na Cidade do Recife}},
    year = {2008},
    booktitle = {Sendi},
    author = {Cruz, Karlos Eduardo Arcanjo da and Ramos, Francisco S.},
    address = {Olinda},
    keywords = {Crime Furto Educa{\c{c}}{\~{a}}o Energia El{\'{e}}trica Perdas Comer, Resumo}
}

@inproceedings{HENRIQUES2005NOVASDESFAVORECIDAS.,
    title = {{NOVAS A{\c{C}}ÕES E ALTERNATIVAS PARA REDU{\c{C}}{\~{A}}O DE INADIMPL{\^{E}}NCIA E PERDAS COMERCIAIS EM REGIÕES SOCIALMENTE DESFAVORECIDAS.}},
    year = {2005},
    booktitle = {Ciertec},
    author = {HENRIQUES, HENRIQUE DE OLIVEIRA and VAZ, MARCOS DA ROCHA},
    pages = {8},
    address = {Macei{\'{o}}},
    keywords = {Inadimpl{\^{e}}ncia, Perdas comerciais, intelig{\^{e}}ncia artificial, {\'{A}}reas carentes}
}

@inproceedings{Silva2010RecuperacaoCortadas,
    title = {{Recupera{\c{c}}{\~{a}}o de instala{\c{c}}ões cortadas}},
    year = {2010},
    booktitle = {Sendi},
    author = {Silva, Celso Souza and Oliveira, Moisés Correia de and Pereira, Rogerio Jorge and Rodrigues, Silvio Cesar},
    address = {S{\~{a}}o Paulo},
    keywords = {Inadimpl{\^{e}}ncia, Negocia{\c{c}}{\~{a}}o, Perdas Comerciais, Perdas n{\~{a}}o t{\'{e}}cnicas, Religados}
}

@inproceedings{CipoliUtilizacaoPeriferia,
    title = {{Utiliza{\c{c}}{\~{a}}o de Cabos Bimet{\'{a}}licos em Redes Prim{\'{a}}rias e Secund{\'{a}}rias de Periferia}},
    author = {Cipoli, J.A. and Zamboni, L. and Borelli, A.B. and Marco, M.A. and Nogueira, E.D.B. and {H. Takayanagi} and Rocha, P.R.S.},
    keywords = {Condutores Bimet{\'{a}}licos, Distribui{\c{c}}{\~{a}}o, Energia, Furto de condutores}
}

@inproceedings{DAVID2005AVALIACAOCOPEL,
    title = {{AVALIA{\c{C}}{\~{A}}O E ESTABELECIMENTO DE PROCEDIMENTOS PARA PREVEN{\c{C}}{\~{A}}O DE  FURTO DE CONDUTORES NAS REDES DE DISTRIBUI{\c{C}}{\~{A}}O DA COPEL}},
    year = {2005},
    author = {DAVID, ANDRE L. C. and KODAMA, ALVARO S. and FRAN{\c{C}}A, CELSO C. and {JOAO S. MELLO} and ZEPELINI, LEVISON and LINERO, LUIZ EDUARDO and FERREIRA, MARA A. N. and MARTINS, ROBERTO PONCE and {SERGIO FUJITA}},
    pages = {2},
    publisher = {COMISS{\~{A}}O DE INTEGRA{\c{C}}{\~{A}}O ENERG{\'{E}}TICA REGIONAL  COMIT{\^{E}} NACIONAL BRASILEIRO},
    address = {Macei{\'{o}}}
}

@inproceedings{Parente2008EnergiaInadimplencia.,
    title = {{Energia Social – Uma alternativa humana no combate as perdas e inadimpl{\^{e}}ncia.}},
    year = {2008},
    booktitle = {Sendi},
    author = {Parente, Deleon and Pinho, Elizabeth},
    pages = {7},
    address = {Olinda},
    keywords = {Economia Solid{\'{a}}ria Desenvolvimento Social Sustenta}
}

@inproceedings{CoelhoAteEnergia.,
    title = {{At{\'{e}} que ponto as vari{\'{a}}veis socioecon{\^{o}}micas, culturais e de impunidade, contribuem para a pr{\'{a}}tica de processos irregulares de furto de energia.}},
    author = {Coelho, JLM}
}

@inproceedings{Pereira2008FechaduraEletronica,
    title = {{Fechadura Eletr{\^{o}}nica}},
    year = {2008},
    booktitle = {Sendi},
    author = {Pereira;, João Adalberto and Purim, Carlos Ademar and Diniz, Rafael Zanielli and Langner, Cristiane Garbin and Patrizzi, Marcello Abreu and Silva, David Targueta da},
    pages = {8},
    address = {Olinda},
    keywords = {Conjunto de Medi{\c{c}}{\~{a}}o de Energia, Fechadura Eletr{\^{o}}nica, Furto de Energia, Qualidade de Energia, i-Button}
}

@inproceedings{Branco2006UtilizacaoGuilherme,
    title = {{Utiliza{\c{c}}{\~{a}}o de Leitura Remota para Redu{\c{c}}{\~{a}}o de Furto de Energia Guilherme}},
    year = {2006},
    booktitle = {Sendi},
    author = {Branco, Fabio (V2 Telecom)},
    pages = {8},
    address = {Belo Horizonte},
    keywords = {AMR, Coleta de Informa{\c{c}}{\~{a}}o, Furto de Energia Leitura Remota, M2M}
}

@inproceedings{PereiraFechaduraEletronica,
    title = {{Fechadura Eletr{\^{o}}nica}},
    author = {Pereira;, J. A.; and Bianchin, Carlos G.; and Langner;, Cristiane G. and Chueiri;, Ivan J. and Hammerschimidt;, Márcio B. and Diniz;, Rafael Z. and Resende;, Guilherme P. de and Neto, Acacio Barreto and Patrizzi, Marcelo Abreu},
    pages = {3},
    keywords = {Conjunto de Medi{\c{c}}{\~{a}}o de Energia, Fechadura Eletr{\^{o}}nica, Furto de Energia, Qualidade de Energia.}
}

@inproceedings{Dias2012AvaliacaoTerra,
    title = {{Avalia{\c{c}}{\~{a}}o dos Riscos a Consumidores Associados {\`{a}} Opera{\c{c}}{\~{a}}o N{\~{a}}o-intencional de Alimentadores Rurais como Sistemas Monofilares com Retorno pela Terra}},
    year = {2012},
    booktitle = {Sendi},
    author = {Dias, Luís Fernando and Souza, William A. de and Santos, Ricardo Araujo dos and Filho, Silverio Visacro and Conti, Alberto Resende De and Silveira, Fernando Henrique},
    address = {Rio de Janeiro},
    keywords = {Aterramentos El{\'{e}}tricos Furto do Neutro, Redes de Distribui{\c{c}}{\~{a}}o Rurais Seguran{\c{c}}a de Consumid}
}

@inproceedings{Vieira2012DesenvolvimentoTecnicas,
    title = {{Desenvolvimento e Utiliza{\c{c}}{\~{a}}o do Dispositivo de lacre para compartimento do borne de medidor no combate {\`{a}}s perdas n{\~{a}}o t{\'{e}}cnicas}},
    year = {2012},
    author = {Vieira, Fabiano Maciel(Energisa)},
    publisher = {Sendi},
    address = {Rio de Janeiro},
    keywords = {Consumo, Desenvolvimento, Fraude, Perdas comerciais}
}

@inproceedings{Zampolli2010EvolucaoPratica,
    title = {{Evolu{\c{c}}{\~{a}}o Tecnol{\'{o}}gica na Redu{\c{c}}{\~{a}}o de Perdas: Uma Experi{\^{e}}ncia Pr{\'{a}}tica}},
    year = {2010},
    booktitle = {Sendi},
    author = {Zampolli, Marisa and Junior, Glycon Garcia and Cavaretti, José Luiz},
    pages = {10},
    address = {S{\~{a}}o Paulo},
    keywords = {Anti Furto Cabo Cabo Bi-conc{\^{e}}ntrico Redu{\c{c}}{\~{a}}o de per}
}

@inproceedings{PereiraLacreEletronico,
    title = {{Lacre Eletr{\^{o}}nico}},
    author = {Pereira, J. A. and Purim, Carlos A. and Wolaniuk, Giordano B. and Moeler, Bruno R. and Neto, Acacio Barreto},
    keywords = {Furto de Energia, Lacre Eletr{\^{o}}nico, Medi-, Qualidade de Energia, dor de Energia}
}

@inproceedings{J.A.CipoliSENSORIAMENTORURAL,
    title = {{SENSORIAMENTO DE INTERRUP{\c{C}}ÕES EM REDES DE DISTRIBUI{\c{C}}{\~{A}}O RURAL}},
    author = {{J.A.Cipoli} and Marco, M.A. De and Kaminski, R. and Nogueira, A. L.T},
    pages = {4},
    keywords = {furto de condutores, linhas rurais, quedas de condutores e faltas de alta imped{\^{a}}ncia., sensoriamento de interrup{\c{c}}ões}
}

@inproceedings{Pereira1999EQUIPAMENTOENERGIA,
    title = {{EQUIPAMENTO DETETOR DE DESVIO DE ENERGIA}},
    year = {1999},
    booktitle = {SNPTEE},
    author = {Pereira, João Adalberto and Klinguelfus, Mauro Cezar and Scaramella, Francisco and Queiroz, Marcos Cézar},
    address = {Foz do Igua{\c{c}}u},
    keywords = {Desvio de energia, Perdas, Rede de distribui{\c{c}}{\~{a}}o, R{\'{a}}dio Frequencia}
}

@inproceedings{Areas2005SistemaAnti-Fraudeb,
    title = {{Sistema Inteligente de Medi{\c{c}}{\~{a}}o e Distribui{\c{c}}{\~{a}}o Anti-Fraude}},
    year = {2005},
    booktitle = {III CITENEL},
    author = {Areas, R and Vidal, E D and Ight, L and Jr, C Gonçalves and Costa, C and Senergy, B L A Alberto and Atayde, L C}
}

@inproceedings{NetoDesenvolvimentoCalibracao,
    title = {{Desenvolvimento de Instrumento de Medi{\c{c}}{\~{a}}o de Energia Ativa em Sistema Blindado, Anti- Fraude com Leitura {\`{a}} Dist{\^{a}}ncia – Valida{\c{c}}{\~{a}}o e Calibra{\c{c}}{\~{a}}o}},
    author = {Neto, Acácio Barreto and Moreira, Antônio C and Tavares, Geraldo Martins and Deccache, Elcio and Moreira, Antônio José Manoel F. and Rigueira, Alexandre S.},
    pages = {3},
    keywords = {Combate {\`{a}} fraude de energia el{\'{e}}trica, Medidor blindado de energia el{\'{e}}trica de baixo cust, Redu- {\c{c}}{\~{a}}o de perdas comerciais}
}

@inproceedings{BarretoDesenvolvimentoMonofasicos,
    title = {{Desenvolvimento e Constru{\c{c}}{\~{a}}o de Prot{\'{o}}tipo de Equipamento Inibidor de Furto de Energia El{\'{e}}trica por Consumidores de BT Monof{\'{a}}sicos}},
    author = {Barreto, Acácio and Petersen, Valdir C. and Tavares, Gerlado M. and Deccache, Elcio and Moreira, Antônio J.M.F. and Rigueira, Alexandre S.}
}

@inproceedings{Deccache2010AperfeicoamentoFraude,
    title = {{Aperfei{\c{c}}oamento, Aprova{\c{c}}{\~{a}}o de Modelo e Introdu{\c{c}}{\~{a}}o Mercadol{\'{o}}gica do Medidor Anti- Fraude}},
    year = {2010},
    booktitle = {Sendi},
    author = {Deccache, Elcio and Medeiros, Maria Beatriz D. and Amorim, Adriano Teixeira},
    address = {S{\~{a}}o Paulo},
    keywords = {Redu{\c{c}}{\~{a}}o de Perdas Comerciais Combate {\`{a}} Fraude Medi, Resumo}
}

@inproceedings{NetoDesenvolvimentoMonofasicos,
    title = {{Desenvolvimento e Constru{\c{c}}{\~{a}}o de Prot{\'{o}}tipo de Equipamento Inibidor de Furto de Energia El{\'{e}}trica por Consumidores de BT Monof{\'{a}}sicos}},
    author = {Neto, Acácio Barreto and Petersen, Valdir C. and Tavares, Geraldo Martins and Deccache, Elcio and Moreira, Antônio José Manoel F. and Rigueira, Alexandre S.},
    pages = {3},
    keywords = {Combate {\`{a}} fraude, Fraude em BT, Inibi{\c{c}}{\~{a}}o de furto, Re-, du{\c{c}}{\~{a}}o de perdas}
}

@inproceedings{Dias2002SistemaEnergia,
    title = {{Sistema de Atua{\c{c}}{\~{a}}o Autom{\'{a}}tica Contra furto de Energia}},
    year = {2002},
    booktitle = {Sendi},
    author = {Dias, G. A. D. and Limas, J.C. and Pereira, L.F.A. and Saldanha, A.},
    pages = {6},
    keywords = {Energia el{\'{e}}trica, baixo custo., furto, interruptor, sistema autom{\'{a}}tico}
}

@inproceedings{Scremim2012ConectorTensao,
    title = {{Conector Especializado para Corte de Energia de Consumidores Inadimplentes em Baixa Tens{\~{a}}o}},
    year = {2012},
    booktitle = {Sendi},
    author = {Scremim, Reginato D. (Instituto de Tecnologia para o desenvolvimento) and Wolaniuk, Giordano Bruno (Instituto de Tecnologia para o Desenvolvimento) and Gon{\c{c}}alves, Ivo N. (Light Serviços de Eletricidade S.A.) and Mognon, Vilson Rodrigo (Instituto de Tecnologia para o desenvolvimento) and Purim, Carlos A. (Instituto de Tecnologia para o Desenvolvimento) and Marchesi, Bruno(Instituto de Tecnologia para o Desenvolvimento)},
    pages = {11},
    address = {Rio de Janeiro},
    keywords = {Conector, Corte de Energia, Dispositivo Eletromec{\^{a}}nico Medidor de Energia Perd, Resumo}
}

@inproceedings{Regueira2006ExperienciasEng.,
    title = {{Experi{\^{e}}ncias e A{\c{c}}ões no Combate a Perdas Comerciais com Resultados na Otimiza{\c{c}}{\~{a}}o de Perdas T{\'{e}}cnicas Eng.}},
    year = {2006},
    booktitle = {Sendi},
    author = {Regueira, Bruno (Celpe) and Souza, Nivaldo Paulo Feodrippe de (Celpe) and Ferreira, Fabiano Cardoso (Elo Sistemas e Tecnologia)},
    pages = {10},
    address = {Belo Horizonte},
    keywords = {AMR, Automa{\c{c}}{\~{a}}o da Baixa Tens{\~{a}}o, Perdas Comerciais, Perdas T{\'{e}}cnicas.}
}

@inproceedings{Souza2012SolucoesNeutro,
    title = {{Solu{\c{c}}ões Alternativas para Minimiza{\c{c}}{\~{a}}o dos Problemas em Redes de Distribui{\c{c}}{\~{a}}o de M{\'{e}}dia Tens{\~{a}}o Decorrentes do Furto de Condutores Neutro}},
    year = {2012},
    booktitle = {Sendi},
    author = {Souza, Hamilton Guilherme Bueno de and Romero, Fabio and Chiarot, Paulo Henrique and Monteiro, Antonio J. and Meffe, Andre and Lange, Fernando Locks and Takahata, Dario and Antunes, Alden Uehara},
    pages = {11},
    address = {Rio de Janeiro},
    keywords = {Aterramentos el{\'{e}}tricos, Desempenho de redes de distribui{\c{c}}{\~{a}}o Furto de neutr}
}

@inproceedings{Pereira2005DetectorCorrente,
    title = {{Detector de Desvio de Energia Por Diferencial de Corrente}},
    year = {2005},
    booktitle = {III CITENEL},
    author = {Pereira, J. A. and Mognon, Vilson R. and Chueiri, Ivan J. and Klechowics, J. and Kochmann, Gil P. S. and Langner, Cristiane G. and Bannack, Angelo and Silva, Márcio R and Jarske, Alberto}
}

@inproceedings{Araujo2010TesouraGambiarra,
    title = {{Tesoura de Retiro de Gambiarra}},
    year = {2010},
    author = {Ara{\'{u}}jo, Andréa Silva and Lima, Eduardo Luiz de and Almeida, José Maria Coutinho de and Gir{\~{a}}o, Raimundo Reginaldo and Filho, João Valdiro and Junior, Jorge Luíz de Castro e Silva},
    address = {S{\~{a}}o Paulo},
    keywords = {Gambiarra, Perdas, Tesoura}
}

@inproceedings{Wolaniuk2012DispositivoTensoes,
    title = {{Dispositivo de Combate a Fraudes em Sistemas de Medi{\c{c}}{\~{a}}o de Energia de Unidades Consumidoras Alimentadas por M{\'{e}}dias Tensões}},
    year = {2012},
    booktitle = {Sendi},
    author = {Wolaniuk, Giordano Bruno and Resende, Guilherme Pereira de and Mognon, Vilson Rodrigo and Filho, Paulo Roberto Machado and Zambenedetti, Voldi Costa and Scremim, Reginato Domingos and Jarske, Alberto},
    address = {Rio de Janeiro},
    keywords = {Medi{\c{c}}{\~{a}}o de Energia M{\'{e}}dia Tens{\~{a}}o Perdas n{\~{a}}o t{\'{e}}cnica, Resumo}
}

@inproceedings{Neto2008EstudoBT.,
    title = {{“Estudo e Valida{\c{c}}{\~{a}}o do Inibidor de Furto em Redes de BT.”}},
    year = {2008},
    booktitle = {Sendi},
    author = {Neto, Acacio Barreto and Deccache, Elcio},
    address = {Olinda},
    keywords = {Automa{\c{c}}{\~{a}}o em Redes de Baixa Tens{\~{a}}o (BT), Combate ao Furto de Energia El{\'{e}}trica, Efici{\^{e}}ncia Operacional na Distribui{\c{c}}{\~{a}}o de Energia, Recupera{\c{c}}{\~{a}}o de Perdas, Redu{\c{c}}{\~{a}}o de Perdas Comerciais}
}

@inproceedings{EzerJunior2011EstudoBT,
    title = {{Estudo e Valida{\c{c}}{\~{a}}o do Inibidor de Furto em Redes de BT}},
    year = {2011},
    booktitle = {Citenel},
    author = {Ezer Junior, Lael and Maciel, J. Vinicius and Deccache, Elcio},
    pages = {8},
    address = {Fortaleza},
    keywords = {Combate ao, Furto, Gerador de Ru{\'{i}}- do., I., Inibidor de Furtos, Novas Tecnologias, Redu{\c{c}}{\~{a}}o de Perdas Comerciais}
}

@inproceedings{Ezer2008SistemaConcentrada,
    title = {{Sistema de Medi{\c{c}}{\~{a}}o Eletr{\^{o}}nica Concentrada}},
    year = {2008},
    booktitle = {Sendi},
    author = {{\'{E}}zer, Lael and Carlos, João},
    address = {Olinda},
    keywords = {Concentrador, Medi{\c{c}}{\~{a}}o, Perdas}
}

@inproceedings{Gama2002UmaComerciais,
    title = {{Uma Nova Abordagem Tecnol{\'{o}}gica de Combate {\`{a}}s Perdas Comerciais}},
    year = {2002},
    booktitle = {Sendi},
    author = {Gama, S. Z. and Coelho, L.C. and Cruz, A. M. T. and Cursino, E. A. and Lucena, P.C.V. and Souza, N.A.C and Rodrigues, E.C. and Pinto Jr, A.V. and Alvarenga, L. M. and Bandim, C. J. and Souza, F.C. and Luiz, F.C. and Caix{\~{a}}o, S. A. and Castelloes, O.G.S. and Alves Jr, J. E. R. and Loureiro, M. R. B. and Dantas, A. R. and Magalh{\~{a}}es, C. A. and S{\"{o}}ndahl, D.C. and Min, L.J.},
    pages = {4}
}

@inproceedings{Wetler2008ControleExteriorizada,
    title = {{Controle de Perdas de Energia El{\'{e}}trica Aplica{\c{c}}{\~{a}}o de Sistema de Medi{\c{c}}{\~{a}}o exteriorizada}},
    year = {2008},
    booktitle = {Sendi},
    author = {Wetler, Amadeu Zonzini and Cometti, Evandro Scopel and Filho, Jacques Miranda},
    pages = {13},
    address = {Olinda},
    keywords = {Furto de Energia El{\'{e}}trica Medi{\c{c}}{\~{a}}o Exteriorizada Pe}
}

@inproceedings{RavaglioTransformadorMarcelo,
    title = {{Transformador de Distribui{\c{c}}{\~{a}}o com Medi{\c{c}}{\~{a}}o Integrada de Energia El{\'{e}}trica Marcelo}},
    author = {Ravaglio, Marcelo A. and Almeida, André R. and Wolaniuk, Giordano B. and Mangueira, Heitor H. D. and Mendes, Júlio C.},
    pages = {8},
    keywords = {Medi{\c{c}}{\~{a}}o Fiscal, Medi{\c{c}}{\~{a}}o de Energia El{\'{e}}trica, Palavras-chave – Perdas Comerciais, Redes Inteligentes (smart-grid)., Transformador de Dis-, tribui{\c{c}}{\~{a}}o}
}

@inproceedings{Neto2008DesenvolvimentoDistancia,
    title = {{Desenvolvimento e valida{\c{c}}{\~{a}}o de medidor trif{\'{a}}sico de energia ativa em sistema blindado, anti-fraude com leitura {\`{a}} dist{\^{a}}ncia}},
    year = {2008},
    booktitle = {Sendi},
    author = {Neto, Acacio Barreto and Deccache, Elcio},
    pages = {7},
    address = {Olinda},
    keywords = {Automa{\c{c}}{\~{a}}o em Redes de Baixa Tens{\~{a}}o (BT), Efici{\^{e}}ncia Operacional na Distribui{\c{c}}{\~{a}}o de Energia, Medidor Anti-Fraude, Medidor Blindado, Redu{\c{c}}{\~{a}}o de perdas comerciais}
}

@inproceedings{Redes2005ONTE,
    title = {{O FURTO DE CABOS CONDUTORES DE ALUM{\'{I}}NIO E MEDIDAS PARA SUA REPRESS{\~{A}}O : A EXPERI{\^{E}}NCIA DA NTE}},
    year = {2005},
    booktitle = {SNPTEE},
    author = {R{\^{e}}des, Marcelo Vargas and {Leonel Borges L{\'{o}}es}},
    pages = {7},
    address = {Curitiba},
    keywords = {Furto de Cabos Condutores, Linha de Transmiss{\~{a}}o, Roubo de Cabos, Seguran{\c{c}}a Patrimonial., Vandalismo}
}

@inproceedings{Saraiva2008UmEstatisticas,
    title = {{Um Estudo sobre Perdas e Fraudes em Medidores de Energia El{\'{e}}trica, em Condi{\c{c}}ões Reais de Uso, empregando T{\'{e}}cnicas Estat{\'{i}}sticas}},
    year = {2008},
    booktitle = {Sendi},
    author = {Saraiva, Celso Pinto and Kleinau, Bruno Agra and Pavan, Vicente Olimpio and Bezerra, Leonardo Barbosa and Souza, Fernando M. C. de},
    pages = {7},
    address = {Olinda},
    keywords = {-Cartas de controle para gera{\c{c}}{\~{a}}o de alertas, -Filtros para amostragem de padrões irregulares, -Infer{\^{e}}ncia de perdas por amostragem, -Padrões de consumo n{\~{a}}o gaussianos}
}

@inproceedings{PereiraLacreEletronicob,
    title = {{Lacre Eletr{\^{o}}nico}},
    author = {Pereira, J. A.; and Purim, Carlos A. (Instituto de Tecnologia para o Desenvolvimento) and Wolaniuk, Giordano Bruno; and Moeler, Bruno R.; and Alves, João C. C.;},
    keywords = {Furto de Energia, Lacre Eletr{\^{o}}nico, Medidor de Energia, Qualidade de Energia.}
}

@inproceedings{Olive2012SmartTensao,
    title = {{Smart Sensor - Dispositivo para medi{\c{c}}{\~{a}}o remota de perdas n{\~{a}}o t{\'{e}}cnicas em redes de M{\'{e}}dia Tens{\~{a}}o}},
    year = {2012},
    booktitle = {Sendi},
    author = {Olive, Viviane (Synapsis Brasil) and Souza, Leonardo (Synapsys Brasil) and Montecinos, Mauricio (Metrix)},
    pages = {8},
    address = {Rio de Janeiro},
    keywords = {Campo eletromagn{\'{e}}tico, monitoramento remoto, perdas n{\~{a}}o t{\'{e}}cnicas, smart grid}
}

@inproceedings{Jesus2008DeterminacaoSegmentos,
    title = {{Determina{\c{c}}{\~{a}}o das Perdas no Sistema de Distribui{\c{c}}{\~{a}}o da AES Sul: Implementa{\c{c}}{\~{a}}o e Aplica{\c{c}}{\~{a}}o da Metodologia de C{\'{a}}lculo de Perdas T{\'{e}}cnicas por Segmentos}},
    year = {2008},
    booktitle = {Sendi},
    author = {Jesus, Nelson C. de and Oliveira, Hermes R. P. M. de and Pereira, Paulo V. and Figueiredo, Carlos E.C. and Pimenta, Wagner and M{\'{e}}ffe, André},
    pages = {12},
    address = {Olinda},
    keywords = {C{\'{a}}lculo de Perdas T{\'{e}}cnicas Corre{\c{c}}{\~{a}}o de Energia Cur}
}

@inproceedings{Porto2010UtilizacaoAbordagem.,
    title = {{Utiliza{\c{c}}{\~{a}}o da “energia n{\~{a}}o faturada” no c{\'{a}}lculo do {\'{i}}ndice de perda de energia el{\'{e}}trica – uma nova abordagem.}},
    year = {2010},
    booktitle = {Sendi},
    author = {Porto, Denilson},
    pages = {6},
    address = {S{\~{a}}o Paulo},
    keywords = {Distribui{\c{c}}{\~{a}}o de Energia El{\'{e}}trica Perdas de Energia}
}

@inproceedings{Souza2009COMBATEEFICIENTIZACAO,
    title = {{COMBATE {\`{A}}S PERDAS N{\~{A}}O-T{\'{E}}CNICAS NO BRASIL: TECNOLOGIA E INOVA{\c{C}}{\~{A}}O COMO FERRAMENTAS DE EFICIENTIZA{\c{C}}{\~{A}}O}},
    year = {2009},
    booktitle = {SNPTEE},
    author = {Souza, Fabio C. de and Bandim, Cesar Jorge and Jr, José Eduardo da R. Alves and Brito, Luiz Carlos Grillo de and Souza, Julio Cesar Reis de and Luiz, Fernando da Cunha},
    pages = {8},
    address = {Recife},
    keywords = {Perdas n{\~{a}}o-t{\'{e}}cnicas, combate {\`{a}}s perdas n{\~{a}}o-t{\'{e}}cnicas, tecnologias de medi{\c{c}}{\~{a}}o}
}

@inproceedings{Comarela2008UmaComerciais,
    title = {{Uma Metodologia para Refinar o C{\'{a}}lculo de Perdas T{\'{e}}cnicas a Partir de Estimativas de Perdas Comerciais}},
    year = {2008},
    booktitle = {Sendi},
    author = {Comarela, Giovanni V. and Perim, Gabriela T. and Varej{\~{a}}o, Flávio M. and Donadel, Clainer B. and Fredes, Marco P. and Anicio, João B.},
    pages = {10},
    address = {Olinda},
    keywords = {Amostragem de Dados, Clustering, Perdas Comerciais, Perdas T{\'{e}}cnicas}
}

@inproceedings{Anicio2009UmaJoao,
    title = {{Uma Metodologia para Refinar o C{\'{a}}lculo de Perdas T{\'{e}}cnicas a partir de Estimativas de Perdas Comerciais Jo{\~{a}}o}},
    year = {2009},
    booktitle = {Citenel},
    author = {Anicio, João B. and Donadel, Clainer B. and Fredes, Marco P. and Varej{\~{a}}o, Flávio M. and Comarela, Giovanni V. and Perim, Gabriela T.},
    pages = {8},
    address = {Bel{\'{e}}m},
    keywords = {Amostragem de dados, clustering, perdas comerciais, perdas t{\'{e}}cnicas.}
}

@inproceedings{Prince2008AvaliacaoRenda,
    title = {{Avalia{\c{c}}{\~{a}}o Econ{\^{o}}mica de Projeto de Investimento de Rede de Distribui{\c{c}}{\~{a}}o para Atender Cliente de Baixa Renda}},
    year = {2008},
    booktitle = {Sendi},
    author = {Prince, Onofre Rodrigues and Ferreira, Estevão Sergio},
    pages = {12},
    address = {Olinda},
    keywords = {An{\'{a}}lise de Investimento Baixa Renda Perdas Comerci, RESUMO}
}

@inproceedings{Costa2008UmEletrica,
    title = {{Um Modelo de Yardstick Competition para a Regula{\c{c}}{\~{a}}o de Perdas Comerciais de Energia El{\'{e}}trica}},
    year = {2008},
    booktitle = {Sendi},
    author = {Costa, Hálisson Rodrigues Ferreira and Veloso, Thiago Roberto Magalhães and Veronese, Hermano Dumont and Carvalho, Cláudio Elias and Martins, Ricardo and Moreira, Leandro Caixeta},
    pages = {12},
    address = {Olinda},
    keywords = {Palavras-chave, Perdas comerciais de Energia El{\'{e}}trica, Regula{\c{c}}{\~{a}}o Econ{\^{o}}mica, Yardstick Competition}
}

@inproceedings{VilelaMetodologiaComerciais,
    title = {{Metodologia De C{\'{a}}lculo De Perdas T{\'{e}}cnicas E Comerciais}},
    author = {Vilela, José Henrique de O},
    keywords = {Perdas t{\'{e}}cnicas e comerciais. Redes prim{\'{a}}rias e se}
}

@inproceedings{Henriques2008EstimativaDados,
    title = {{Estimativa da Perda N{\~{a}}o T{\'{e}}cnica no Sistema de Distribui{\c{c}}{\~{a}}o da Cemig, Utilizando M{\'{e}}todos Estat{\'{i}}sticos e de Classifica{\c{c}}{\~{a}}o de Dados}},
    year = {2008},
    booktitle = {Sendi},
    author = {Henriques, Adelino Leandro and Mendon{\c{c}}a, André Luiz F. de and Oliveira, Eduardo Nogueira},
    pages = {5},
    address = {Olinda},
    keywords = {Classifica{\c{c}}{\~{a}}o de dados, Minera{\c{c}}{\~{a}}o de dados, M{\'{e}}todo estat{\'{i}}stico, Perdas n{\~{a}}o t{\'{e}}cnicas}
}

@inproceedings{Bettiol2006DesenvolvimentoRecuperacaob,
    title = {{Desenvolvimento e Implementa{\c{c}}{\~{a}}o de Metodologia para a Redu{\c{c}}{\~{a}}o de Perdas El{\'{e}}tricas em Transformadores de Distribui{\c{c}}{\~{a}}o em Recupera{\c{c}}{\~{a}}o}},
    year = {2006},
    booktitle = {Sendi},
    author = {Bettiol, A.L. and Moraes, A. C. de and Millar, R. I. L. and Gon{\c{c}}alves, P. R. R. and N{\'{a}}poli, M.},
    pages = {12},
    address = {Belo Horizonte},
    keywords = {Efici{\^{e}}ncia energ{\'{e}}tica, redu{\c{c}}{\~{a}}o de perdas el{\'{e}}tricas, reforma de transformador, transformadores de distribui{\c{c}}{\~{a}}o.}
}

@inproceedings{Araujo2006ConsideracoesBrasil,
    title = {{Considera{\c{c}}ões sobre as Perdas na Distribui{\c{c}}{\~{a}}o de Energia El{\'{e}}trica no Brasil}},
    year = {2006},
    booktitle = {Sendi},
    author = {Araujo, Antonio Carlos M. de and Siqueira, Claudia Aguiar de},
    pages = {9},
    address = {Belo Horizonte},
    keywords = {Distribui{\c{c}}{\~{a}}o de Energia El{\'{e}}trica, Perdas N{\~{a}}o-T{\'{e}}cnicas, Perdas T{\'{e}}cnicas, Regula{\c{c}}{\~{a}}o por Incentivos, Tarifas}
}

@inproceedings{BernardonPerdasDistribuicao,
    title = {{Perdas T{\'{e}}cnicas e Comerciais de Energia El{\'{e}}trica em Sistemas de Distribui{\c{c}}{\~{a}}o}},
    author = {Bernardon, D. P. and Comassetto, L. and Canha, L. N. and Abaide, A. R.},
    pages = {6},
    keywords = {Fluxo de Pot{\^{e}}ncia, Perdas Comerciais de Energia, Perdas T{\'{e}}cnicas de Energia, Sistemas de Distribui{\c{c}}{\~{a}}o.}
}

@inproceedings{Couto2006HistoricoFuturo,
    title = {{Hist{\'{o}}rico da Evolu{\c{c}}{\~{a}}o de Perdas em Transformadores de Distribui{\c{c}}{\~{a}}o no Brasil e uma Vis{\~{a}}o de Futuro}},
    year = {2006},
    booktitle = {Sendi},
    author = {Couto, Erivaldo Costa and Oliveira, Pablo Senna and Carvalho, Francisco Woods de and Souza, Wilson Vieira de and Ara{\'{u}}jo, Adilson Nogueira},
    pages = {11},
    address = {Belo Horizonte},
    keywords = {Normas ABNT, Perdas el{\'{e}}tricas, Transformadores de distribui{\c{c}}{\~{a}}o}
}

@inproceedings{Junior2007UMACOMPETITIVO,
    title = {{UMA METODOLOGIA PARA ALOCA{\c{C}}{\~{A}}O DAS PERDAS ATIVAS DE TRANSMISS{\~{A}}O EM AMBIENTE COMPETITIVO}},
    year = {2007},
    booktitle = {SNPTEE},
    author = {Junior, Bartolomeu Ferreira dos Santos and Saavedra, Osvaldo Ronald and Pessanha, José Eduardo O.},
    address = {Rio de Janeiro},
    keywords = {Aloca{\c{c}}{\~{a}}o de Perdas, Ambiente Competitivo, Mercados El{\'{e}}tricos, Sistemas de Pot{\^{e}}ncia}
}

@misc{Allan2015TheReview,
    title = {{The economics of distributed energy generation: A literature review}},
    year = {2015},
    booktitle = {Renewable and Sustainable Energy Reviews},
    author = {Allan, Grant and Eromenko, Igor and Gilmartin, Michelle and Kockar, Ivana and McGregor, Peter},
    isbn = {1364-0321},
    doi = {10.1016/j.rser.2014.07.064},
    issn = {13640321},
    keywords = {Alternative energy sources, Electric utilities, Energy and the macroeconomy, Non-renewable resources and conservation, Public investment and capital stock}
}

@inproceedings{Fuchs2008ImpactosCelia,
    title = {{Impactos Causados Pela Universaliza{\c{c}}{\~{a}}o Do Acesso E Uso Da Energia El{\'{e}}trica C{\'{e}}lia}},
    year = {2008},
    booktitle = {Sendi},
    author = {Fuchs, Célia Inês and Camargo, Ivan Marques de Toledo},
    pages = {10},
    address = {Olinda},
    keywords = {Continuidade do Fornecimento Perdas Universaliza{\c{c}}{\~{a}}, Resumo}
}

@inproceedings{Hage2008AvaliacaoPiratininga,
    title = {{Avalia{\c{c}}{\~{a}}o t{\'{e}}cnico-econ{\^{o}}mica da substitui{\c{c}}{\~{a}}o de medidores eletromec{\^{a}}nicos inseridos nas {\'{a}}reas de concess{\~{a}}o da CPFL Paulista e CPFL Piratininga}},
    year = {2008},
    booktitle = {SENDI},
    author = {Hage, Fábio Sismotto El and Filho, Mário Miguel and Yuji, Rodrigo and Bufarah, Helder Pires and J{\'{u}}nior, José Roberto Doria de Vasconcellos and Forgerini, Fernando Antonio},
    pages = {11},
    address = {Olinda},
    keywords = {An{\'{a}}lise econ{\^{o}}mica, Medidores eletromec{\^{a}}nicos, Perdas comerciais, Substitui{\c{c}}{\~{a}}o de medidores}
}

@inproceedings{Arruda2008EstrategiaIniciai,
    title = {{Estrat{\'{e}}gia para Aquisi{\c{c}}{\~{a}}o de Medidores Eletr{\^{o}}nicos para Unidades Consumidoras de Baixa Tens{\~{a}}o e Resultados Iniciai}},
    year = {2008},
    booktitle = {Sendi},
    author = {Arruda, Luiz Fernando and Henriques, Adelino Leandro and Rios, Luiz Renato F. and Filho, Jair da Cruz Ferreira and Ara{\'{u}}jo, Augusto C.A. and Vieira, Flávio H. M.},
    pages = {6},
    address = {Olinda},
    keywords = {Medidor, Medidor eletr{\^{o}}nico, Medi{\c{c}}{\~{a}}o eletr{\^{o}}nica, Perdas n{\~{a}}o t{\'{e}}cnicas}
}

@inproceedings{PENIN2005GESTAORECEITAS,
    title = {{GEST{\~{A}}O INTEGRADA DE PERDAS T{\'{E}}CNICAS E COMERCIAIS – UMA FERRAMENTA DE GEST{\~{A}}O DA RECUPERA{\c{C}}{\~{A}}O DE RECEITAS}},
    year = {2005},
    booktitle = {Ciertec},
    author = {PENIN, CARLOS A. S. and ZAMORA, FRANZ H. PEREYRA and M{\'{E}}FFE, ANDRÉ and BRAGA, UANA SARAIVA and OLIVEIRA, CARLOS CÉSAR BARIONI DE and POSSANI, CLEBER and JUNIOR, EDSON AMARAL and KAMINSKY, ROBERVAL},
    pages = {10},
    address = {Macei{\'{o}}},
    keywords = {An{\'{a}}lise Discriminante, Data Mining, Perdas Comerciais, Perdas T{\'{e}}cnicas, Redes Neurais, Regress{\~{a}}o Log{\'{i}}stica}
}

@inproceedings{Ramos2012DeterminacaoPos-faturamento,
    title = {{Determina{\c{c}}{\~{a}}o de frequ{\^{e}}ncia e tempo m{\'{e}}dio de utiliza{\c{c}}{\~{a}}o de equipamentos de instala{\c{c}}ões residenciais para fins de p{\'{o}}s-faturamento}},
    year = {2012},
    booktitle = {Sendi},
    author = {Ramos, Thales Augusto de Oliveira and Paiva, Peterson da Costa and Ramos, Iloneide Carlos de Oliveira and Junior, Manoel Firmino de Medeiros and Lacerda, Estefane George Macedo de and Ramos, Samir Pontes},
    pages = {9},
    address = {Rio de Janeiro},
    keywords = {H{\'{a}}bitos de consumo Perdas comerciais Redes Neurais, Resolu{\c{c}}{\~{a}}o 414/2010-ANEEL}
}

@inproceedings{Meffe2006MetodologiaSubestacoes,
    title = {{Metodologia e Aplica{\c{c}}{\~{a}}o de C{\'{a}}lculo de Perdas T{\'{e}}cnicas por Segmento no Sistema de Distribui{\c{c}}{\~{a}}o com Inclus{\~{a}}o de Medi{\c{c}}ões nas Subesta{\c{c}}ões}},
    year = {2006},
    booktitle = {Sendi},
    author = {M{\'{e}}ffe, André and Braga, Uana Saraiva and Oliveira, Carlos C. Barioni de and Penin, Carlos Alexandre de Sousa and Sybine, Wladmir and Ushimaru, Edson Akira and Jonathan, Sunny},
    pages = {11},
    address = {Belo Horizonte},
    keywords = {corre{\c{c}}{\~{a}}o de demanda, corre{\c{c}}{\~{a}}o de energia, curvas de carga t{\'{i}}picas, perdas comerciais, perdas t{\'{e}}cnicas}
}

@article{Tratamento2015TECNICASELETRICA,
    title = {{T{\'{E}}CNICAS DE ENERGIA EL{\'{E}}TRICA}},
    year = {2015},
    author = {Tratamento, Metodologia D E}
}