@article{ArangoInserindoEletrico,
    title = {{Inserindo a Qualidade no Modelo Econ{\^{o}}mico do Mercado El{\'{e}}trico}},
    author = {Arango, H and G Abreu, J P and Bonatto, B D and Kagan, N and V Tahan, C M and Gouv{\^{e}}a, M R and Arango D Bonatto, H B and V Tahan M R Gouv{\^{e}}a, C M}
}

@article{SNogueiraAnaliseNogueira,
    title = {{An{\'{a}}lise dos Ganhos de Produtividade de uma Distribuidora de Energia El{\'{e}}trica atrav{\'{e}}s do Modelo TAROT – Tarifa{\c{c}}{\~{a}}o Otimizada Tiago Rodrigues dos Santos Nogueira}},
    author = {S Nogueira, T R and Leonardo, L F and Arango, H and G de Abreu, J P and Bonatto, B D}
}

@article{SLusvarghiAnaliseDMIC,
    title = {{An{\'{a}}lise e Proposta de Processo para Determina{\c{c}}{\~{a}}o de Metas para os Indicadores DIC, FIC e DMIC}},
    author = {S Lusvarghi, S A and Arango, H and Bonatto, B D}
}

@inproceedings{Arango2010TheMarkets,
    title = {{The influence of quality on the creation of economic value in electricity markets}},
    year = {2010},
    booktitle = {ICHQP 2010 - 14th International Conference on Harmonics and Quality of Power},
    author = {Arango, Hector and De Abreu, Jose Policarpo Goncalves and Bonatto, Benedito Donizeti and Tahan, Carlos Marcio Vieira and Kagan, Nelson and Gouvea, Marcos Roberto},
    isbn = {9781424472444},
    doi = {10.1109/ICHQP.2010.5625478},
    keywords = {Economic value added, Electric power quality, Electricity market model, Optimized tariffs, Power economics, Power regulation}
}

@article{11_IEEE_TD_2010_Time-of-UseElectricity,
    title = {{11{\_}IEEE{\_}T{\&}D{\_}2010{\_}Time-of-Use Prices for Electricity}}
}

@inproceedings{ArangoOCorporativa,
    title = {{O Planejamento El{\'{e}}trico em Termos da Qualidade, Regula{\c{c}}{\~{a}}o do Mercado e Governan{\c{c}}a Corporativa}},
    author = {Arango, H and Bonatto, B D and G Abreu, J P and V Tahan, C M}
}

@article{ArangoReflexoesEnergia,
    title = {{Reflexões Conceituais sobre Fator de Pot{\^{e}}ncia: Defini{\c{c}}ões, Conceito de Pot{\^{e}}ncia Aparente, Tarifa{\c{c}}{\~{a}}o de Energia}},
    author = {Arango, H and Bonatto, B D and G Abreu, J P and de Oliveira, T C and Belchior, F N and V Tahan, C M}
}

@article{ArangoPoliticasTECHNOLOGIES,
    title = {{Pol{\'{i}}ticas Energ{\'{e}}ticas para a Sustentabilidade 25 a 27 de agosto de 2014 Florian{\'{o}}polis – SC AN ECONOMIC MARKET MODEL FOR THE EVALUATION OF SUSTAINABLE SOCIAL POLICIES BASED ON SMART GRIDS TECHNOLOGIES}},
    author = {Arango, Hector and Donizeti Bonatto, Benedito and Cintra Pereira, Lígia and Augusto dos Santos Lusvarghi, Sérgio and M{\'{a}}rcio da Silveira, Paulo and Maria de Carvalho Filho, José and Policarpo, José},
    keywords = {()}
}

@article{ArangoThePrices,
    title = {{The Microeconomics of Time-Dependent Electricity Prices}},
    author = {Arango, Hector and Bonatto, Benedito Donizeti and M{\'{a}}rcio, Paulo and Silveira, Da and De, José Maria and Filho, Carvalho},
    keywords = {electricity market model, electricity regulation, power quality, social welfare, time-of-use tariffs,  economics}
}

@article{ArangoTheWealth,
    title = {{The Quality Level Required by the Electricity Consumers According to their Wealth}},
    author = {Arango, Hector and Donizeti Bonatto, Benedito and M{\'{a}}rcio da Silveira, Paulo and Policarpo Gon{\c{c}}alves de Abreu, José},
    keywords = {()}
}

@inproceedings{Pereira2016SocioeconomicBrazil,
    title = {{Socioeconomic analysis of incentive public policies for the use of renewable energy per consumer class in Brazil}},
    year = {2016},
    booktitle = {2015 IEEE PES Innovative Smart Grid Technologies Latin America, ISGT LATAM 2015},
    author = {Pereira, Ligia Cintra and Lusvarghi, Sergio Augusto Dos Santos and Arango, Lucas Gustavo and Arango, Hector and Bonatto, Benedito Donizeti},
    isbn = {9781467366052},
    doi = {10.1109/ISGT-LA.2015.7381130},
    keywords = {Economic Market Model, Public Policies, Renewable Energies, Smart Grid, Socioeconomic Welfare}
}

@inproceedings{Arango2008OOtima,
    title = {{O Impacto econ{\^{o}}mico da qualidade da energia el{\'{e}}trica e sua regula{\c{c}}{\~{a}}o {\'{o}}tima}},
    year = {2008},
    booktitle = {Induscon - VIII Confer{\^{e}}ncia Internacional de Aplica{\c{c}}ões Industriais},
    author = {Arango, Héctor and Policarpo, José and De Abreu, G and Bonatto, Benedito D and Tahan, Carlos M V and Kagan, Nelson and Gouv{\^{e}}a, Marcos R},
    address = {Po{\c{c}}os de Caldas}
}

@article{17_15PESGM1785_TheGrids,
    title = {{17{\_}15PESGM1785{\_}The Complexity of Smart Grids}}
}

@inproceedings{Arango2008AValue,
    title = {{A model for electricity markets: The impact of regulation on value}},
    year = {2008},
    booktitle = {2008 5th International Conference on the European Electricity Market, EEM},
    author = {Arango, H. and Abreu, J. P G and Bonatto, B. D. and Kagan, N. and Tahan, C. M V and Gouvea, M. R.},
    isbn = {9781424417445},
    doi = {10.1109/EEM.2008.4579028},
    keywords = {Added value, Economic model, Electricity market, Regulation}
}

@article{ArangoRegulacao,
    title = {{Regula{\c{c}}{\~{a}}o da Distribui{\c{c}}{\~{a}}o de Energia El{\'{e}}trica no Brasil: Reflexões sobre o " Fator X "}},
    author = {Arango, H and G de Abreu, J P and Bonatto, B D and V Tahan, C M and Kagan, N and Gouv{\^{e}}a, M R}
}

@article{FelicioUmaEletrica,
    title = {{Uma An{\'{a}}lise S{\'{o}}cio-Econ{\^{o}}mica da Tarifa{\c{c}}{\~{a}}o Diferenciada da Energia El{\'{e}}trica}},
    author = {Fel{\'{i}}cio, J R and Arango, H and Bonatto, B D}
}

@article{ArangoH.AbreuJ.P.GBonattoB.DTahanC.M.VKaganN.Gouvea4_ICHQP_2008_ModelingValue,
    title = {{4{\_}ICHQP{\_}2008{\_}Modeling the Influence of Power Quality on the Creation of Market Value}},
    author = {Arango, H.; Abreu, J.P.G; Bonatto, B.D; Tahan, C.M.V; Kagan, N.; Gouvea, M.R;}
}

@article{deAbreuModelagemBrasil,
    title = {{Modelagem da Expans{\~{a}}o e Revis{\~{a}}o Tarif{\'{a}}ria de uma Empresa El{\'{e}}trica Regulada no Brasil}},
    author = {de Abreu, R G and de Carvalho, T S and Arango, H and G de Abreu, J P and Bonatto, B D and Gouv{\^{e}}a de Abreu, Rafael}
}

@inproceedings{Arango2016ImpactQuality,
    title = {{Impact of Electricity Theft on Power Quality}},
    year = {2016},
    booktitle = {IEEE PES ICHQP 2016 - 17th International Conference on Harmonics and Quality of Power},
    author = {Arango, L. G. and Deccache, E. and Bonatto, B.D. and Arango, H. and Ribeiro, P. F. and Silveira, P. M.},
    address = {Belo Horizonte, Minas Gerais State, Brazil},
    keywords = {Impact on Power Quality, Penalties, Simulations, Steady state voltage drop, – Electricity theft}
}

@techreport{ANEEL2008Second33/208.,
    title = {{Second periodic tariff revision of electric power distribution company (in portuguese). Technical Report 33/208.}},
    year = {2008},
    author = {{ANEEL}},
    address = {Brasilia, Brazil.}
}

@article{Amin2015Game-theoreticInfrastructure,
    title = {{Game-theoretic models of electricity theft detection in smart utility networks: Providing new capabilities with advanced metering infrastructure}},
    year = {2015},
    journal = {IEEE Control Systems},
    author = {Amin, Saurabh and Schwartz, Galina A. and Cardenas, Alvaro A. and Sastry, S. Shankar},
    doi = {10.1109/MCS.2014.2364711},
    issn = {1066033X}
}

@article{AminGameNetworks,
    title = {{Game Theoretic Models of Electricity Theft Detection in Smart Utility Networks}},
    author = {Amin, Saurabh and Schwartz, Galina A and C{\'{a}}rdenas, Alvaro A and Sastry, S Shankar}
}

@phdthesis{Penin2008CombatPortuguese,
    title = {{Combat, prevention and optimization of electrical energy commercial losses (in Portuguese)}},
    year = {2008},
    author = {Penin, C.},
    school = {Polythecnic School from the University of Sao Paulo.}
}

@article{Modulo8_Revisao_7,
    title = {{M{\'{o}}dulo8{\_}Revis{\~{a}}o{\_}7}}
}

@article{Smith2004ElectricityAnalysis,
    title = {{Electricity theft: A comparative analysis}},
    year = {2004},
    journal = {Energy Policy},
    author = {Smith, Thomas B.},
    isbn = {9714208254},
    doi = {10.1016/S0301-4215(03)00182-4},
    issn = {03014215},
    keywords = {Corruption, Electricity theft, Governance}
}

@book{Jehle2001AdvancedTheory,
    title = {{Advanced microeconomic theory}},
    year = {2001},
    author = {Jehle, Geoffrey Alexander},
    publisher = {Pearson Education India},
    isbn = {8177581066}
}

@book{Martin2001ValueRevolution,
    title = {{Value based management: the corporate response to the shareholder revolution}},
    year = {2001},
    author = {Martin, John D and Petty, J William},
    publisher = {Oxford University Press},
    isbn = {0875848001}
}